@article{goldstein14,
    title = {Peeking Inside the Black Box: Visualizing Statistical
      Learning With Plots of Individual Conditional Expectation},
    author = {Alex Goldstein and Adam Kapelner and Justin Bleich and
      Emil Pitkin},
    journal = {Journal of Computational and Graphical Statistics},
    year = {2014}
}

@inproceedings{cortez11, 
	author={Cortez, P. and Embrechts, M.J.}, 
	booktitle={Computational Intelligence and Data Mining (CIDM), 2011 IEEE Symposium on}, 
	title={Opening black box Data Mining models using Sensitivity Analysis}, 
	year={2011}, 
	pages={341-348}, 
	doi={10.1109/CIDM.2011.5949423}, 
	month={April}
}

@article{paramo,
title = {{PARAMO: A PARAllel predictive MOdeling platform for healthcare analytic research using electronic health records}},
journal = "Journal of Biomedical Informatics ",
volume = "",
year = "2013",
note = "",
author = "Kenney Ng and Amol Ghoting and Steven R. Steinhubl and Walter F. Stewart and Bradley Malin and Jimeng Sun",
keywords = "Predictive modeling",
keywords = "Electronic health records",
keywords = "Scientific workflows",
keywords = "Parallel computing",
keywords = {Map reduce}
}

@article{coquito, 
author={Krause, J. and Perer, A. and Stavropoulos, H.}, 
journal={Visualization and Computer Graphics, IEEE Transactions on}, 
title={Supporting Iterative Cohort Construction}, 
year={2015}, 
volume={PP}, 
number={99}, 
pages={1-1}, 
keywords={Databases;Diseases;Junctions;Medical diagnostic imaging;Sociology;Statistics;Visualization;Visual temporal queries;cohort definition;electronic medical records;information visualization}, 
doi={10.1109/TVCG.2015.2467622}, 
ISSN={1077-2626}, 
month={Oct}
}

@article{infuse,
  author={Krause, Josua and Perer, Adam and Bertini, Enrico},
  journal={Visualization and Computer Graphics, {IEEE} Transactions on},
  title={{INFUSE:} Interactive Feature Selection for Predictive Modeling of High Dimensional Data},
  year={2014},
  month={Dec},
  volume={20},
  number={12},
  pages={1614-1623},
  keywords={data analysis;data visualisation;pattern classification;INFUSE system;algorithmic output;classifiers;clinical researchers;cross-validation folds;electronic medical records;feature selection algorithms;high dimensional data modeling;interactive feature selection;patient outcomes;predicted outcomes;predictive modeling;predictive modeling techniques;user interpretation;visual analytics system;Algorithm design and analysis;Data models;Data visualization;Feature extraction;Prediction algorithms;Predictive models;Predictive modeling;classification;feature selection;high-dimensional data;visual analytics},
  doi={10.1109/TVCG.2014.2346482},
  ISSN={1077-2626}
}

@book{kuhn2013applied,
  title={{Applied Predictive Modeling}},
  author={Kuhn, M. and Johnson, K.},
  year={2013},
  publisher={Springer London, Limited}
}

@book{hastie2001,
  title={{The elements of statistical learning: data mining, inference, and prediction}},
  author={Hastie, T. and R. Tibshirani and J. Friedman},
  year={2001},
  publisher={Springer Verlag}
}

@incollection{Becker:2001:VSB:383784.383809,
 author = {Becker, Barry and Kohavi, Ron and Sommerfield, Dan},
 chapter = {Visualizing the Simple Baysian Classifier},
 title = {Information Visualization in Data Mining and Knowledge Discovery},
 editor = {Fayyad, Usama and Grinstein, Georges G. and Wierse, Andreas},
 year = {2002},
 isbn = {1-55860-689-0},
 pages = {237--249},
 numpages = {13},
 url = {http://dl.acm.org/citation.cfm?id=383784.383809},
 acmid = {383809},
 publisher = {Morgan Kaufmann Publishers Inc.},
 address = {San Francisco, CA, USA}
}

@inproceedings{Caragea2001,
  added-at = {2012-07-13T11:59:47.000+0200},
  author = {Caragea, Doina and Cook, Dianne and Honavar, Vasant},
  biburl = {http://www.bibsonomy.org/bibtex/25a7d5a1392bc330707d348b964b83eda/jabreftest},
  booktitle = {Proceedings of the KDD Conference},
  file = {Caragea2001.pdf:2001/Caragea2001.pdf:PDF},
  groups = {public},
  interhash = {b70583e9ad47e5e56ccac1ab91e9101d},
  intrahash = {5a7d5a1392bc330707d348b964b83eda},
  keywords = {},
  pages = {251--256},
  timestamp = {2012-07-13T11:59:47.000+0200},
  title = {Gaining Insights into Support Vector Machine Pattern Classifiers Using Projection-Based Tour Methods},
  username = {jabreftest},
  year = {2001}
}

@inproceedings{Jakulin:2005:NVS:1081870.1081886,
 author = {Jakulin, Aleks and Mo\v{z}ina, Martin and Dem\v{s}ar, Janez and Bratko, Ivan and Zupan, Bla\v{z}},
 title = {Nomograms for Visualizing Support Vector Machines},
 booktitle = {Proceedings of the Eleventh ACM SIGKDD International Conference on Knowledge Discovery in Data Mining},
 series = {KDD '05},
 year = {2005},
 isbn = {1-59593-135-X},
 location = {Chicago, Illinois, USA},
 pages = {108--117},
 numpages = {10},
 url = {http://doi.acm.org/10.1145/1081870.1081886},
 doi = {10.1145/1081870.1081886},
 acmid = {1081886},
 publisher = {ACM},
 address = {New York, NY, USA},
 keywords = {machine learning, nomogram, support vector machines, visualization}
}

@article{DBLP:journals/isci/MartinsONHC13,
  author    = {David Correa Martins Jr. and
               Evaldo A. de Oliveira and
               Ulisses de Mendon{\c{c}}a Braga Neto and
               Ronaldo Fumio Hashimoto and
               Roberto Marcondes Cesar Jr.},
  title     = {Signal propagation in Bayesian networks and its relationship with
               intrinsically multivariate predictive variables},
  journal   = {Inf. Sci.},
  volume    = {225},
  pages     = {18--34},
  year      = {2013},
  url       = {http://dx.doi.org/10.1016/j.ins.2012.10.027},
  doi       = {10.1016/j.ins.2012.10.027},
  timestamp = {Tue, 08 Jan 2013 11:19:09 +0100},
  biburl    = {http://dblp.uni-trier.de/rec/bib/journals/isci/MartinsONHC13},
  bibsource = {dblp computer science bibliography, http://dblp.org}
}

@inproceedings{Tzeng:2005:OTB,
title	=	"Opening the Black Box - Data Driven Visualization of Neural Networks",
booktitle	=	"Proceedings of IEEE Visualization '05 Conference",
author	=	"Fan-Yin Tzeng AND Kwan-Liu Ma ",
year	=	"2005",
pages	=	"383--390",
organization	=	"IEEE",
location	=	"Minneapolis, MN",
eventtime	=	{October 23-28, 2005}
}

@article{DBLP:journals/corr/XuBKCCSZB15,
  author    = {Kelvin Xu and
               Jimmy Ba and
               Ryan Kiros and
               Kyunghyun Cho and
               Aaron C. Courville and
               Ruslan Salakhutdinov and
               Richard S. Zemel and
               Yoshua Bengio},
  title     = {Show, Attend and Tell: Neural Image Caption Generation with Visual
               Attention},
  journal   = {CoRR},
  volume    = {abs/1502.03044},
  year      = {2015},
  url       = {http://arxiv.org/abs/1502.03044},
  timestamp = {Mon, 02 Mar 2015 14:17:34 +0100},
  biburl    = {http://dblp.uni-trier.de/rec/bib/journals/corr/XuBKCCSZB15},
  bibsource = {dblp computer science bibliography, http://dblp.org}
}

@article{citeulike:3733836,
    author = {Olden, J.},
    citeulike-article-id = {3733836},
    citeulike-linkout-0 = {http://dx.doi.org/10.1016/s0304-3800(02)00064-9},
    day = {15},
    doi = {10.1016/s0304-3800(02)00064-9},
    issn = {03043800},
    journal = {Ecological Modelling},
    keywords = {neural-networks, stats},
    month = aug,
    number = {1-2},
    pages = {135--150},
    posted-at = {2008-12-02 01:46:29},
    priority = {2},
    title = {{Illuminating the  ” black box”: a randomization approach for understanding variable contributions in artificial neural networks}},
    url = {http://dx.doi.org/10.1016/s0304-3800(02)00064-9},
    volume = {154},
    year = {2002}
}

@article{DBLP:journals/neco/PlateBGB00,
  author    = {Tony Plate and
               Joel Bert and
               John Grace and
               Pierre Band},
  title     = {Visualizing the Function Computed by a Feedforward Neural Network},
  journal   = {Neural Computation},
  volume    = {12},
  number    = {6},
  pages     = {1337--1353},
  year      = {2000},
  url       = {http://dx.doi.org/10.1162/089976600300015394},
  doi       = {10.1162/089976600300015394},
  timestamp = {Thu, 17 Nov 2011 16:24:23 +0100},
  biburl    = {http://dblp.uni-trier.de/rec/bib/journals/neco/PlateBGB00},
  bibsource = {dblp computer science bibliography, http://dblp.org}
}

@INPROCEEDINGS{6102453, 
author={van den Elzen, S. and van Wijk, J.J.}, 
booktitle={Visual Analytics Science and Technology (VAST), 2011 IEEE Conference on}, 
title={BaobabView: Interactive construction and analysis of decision trees}, 
year={2011}, 
pages={151-160}, 
keywords={data visualisation;decision trees;interactive systems;BaobabView;algorithmic support;domain expert;interactive construction;scalable decision tree visualization;Accuracy;Algorithm design and analysis;Data visualization;Decision trees;Histograms;Impurities;Training}, 
doi={10.1109/VAST.2011.6102453}, 
month={Oct}
}

@INPROCEEDINGS{5332586, 
author={Steed, C.A. and Swan, J.E. and Jankun-Kelly, T.J. and Fitzpatrick, P.J.}, 
booktitle={Visual Analytics Science and Technology, 2009. VAST 2009. IEEE Symposium on}, 
title={Guided analysis of hurricane trends using statistical processes integrated with interactive parallel coordinates}, 
year={2009}, 
pages={19-26}, 
keywords={data visualisation;geophysics computing;regression analysis;storms;visual databases;correlation analysis;descriptive statistical calculation;hurricane trends analysis;interactive multivariate representations;interactive parallel coordinates;interactive visual analysis capabilities;multidimensional data explorer;statistical regression;Computer interfaces;Data analysis;Data visualization;Hurricanes;Multidimensional systems;Performance analysis;Physics computing;Regression analysis;Statistical analysis;Weather forecasting;Climate study;correlation;interaction;multivariate data;regression;statistical analysis;visual analytics}, 
doi={10.1109/VAST.2009.5332586}, 
month={Oct}
}

@article{doi:10.1559/152304009788988314,
author = { Chad A.   Steed  and  Patrick J.   Fitzpatrick  and  J. Edward   Swan   II  and  T.J.   Jankun-Kelly },
title = {Tropical Cyclone Trend Analysis Using Enhanced Parallel Coordinates and Statistical Analytics},
journal = {Cartography and Geographic Information Science},
volume = {36},
number = {3},
pages = {251-265},
year = {2009},
doi = {10.1559/152304009788988314}
}

@inproceedings{Talbot:2009:EIV:1518701.1518895,
 author = {Talbot, Justin and Lee, Bongshin and Kapoor, Ashish and Tan, Desney S.},
 title = {EnsembleMatrix: Interactive Visualization to Support Machine Learning with Multiple Classifiers},
 booktitle = {Proceedings of the SIGCHI Conference on Human Factors in Computing Systems},
 series = {CHI '09},
 year = {2009},
 isbn = {978-1-60558-246-7},
 location = {Boston, MA, USA},
 pages = {1283--1292},
 numpages = {10},
 url = {http://doi.acm.org/10.1145/1518701.1518895},
 doi = {10.1145/1518701.1518895},
 acmid = {1518895},
 publisher = {ACM},
 address = {New York, NY, USA},
 keywords = {caltech-101, ensemble classifiers, interactive machine learning, object recognition, visualization}
}

@inproceedings{Mishra:2015:SAI:2700171.2791022,
 author = {Mishra, Shubhanshu and Diesner, Jana and Byrne, Jason and Surbeck, Elizabeth},
 title = {Sentiment Analysis with Incremental Human-in-the-Loop Learning and Lexical Resource Customization},
 booktitle = {Proceedings of the 26th ACM Conference on Hypertext \&\#38; Social Media},
 series = {HT '15},
 year = {2015},
 isbn = {978-1-4503-3395-5},
 location = {Guzelyurt, Northern Cyprus},
 pages = {323--325},
 numpages = {3},
 url = {http://doi.acm.org/10.1145/2700171.2791022},
 doi = {10.1145/2700171.2791022},
 acmid = {2791022},
 publisher = {ACM},
 address = {New York, NY, USA},
 keywords = {incremental learning, lexical resource customization, sentiment analysis}
}

@Proceedings {export:241307,
author       = {Saleema Amershi and Max Chickering and Steven M. Drucker and Bongshin Lee and
                Patrice Simard and Jina Suh},
booktitle    = {Proceedings of the Conference on Human Factors in Computing Systems (CHI 2015)},
month        = {April},
publisher    = {ACM – Association for Computing Machinery},
title        = {ModelTracker: Redesigning Performance Analysis Tools for Machine Learning},
url          = {http://research.microsoft.com/apps/pubs/default.aspx?id=241307},
year         = {2015}
}

@article{Leung2014710,
title = "Sports Data Mining: Predicting Results for the College Football Games ",
journal = "Procedia Computer Science ",
volume = "35",
number = "",
pages = "710 - 719",
year = "2014",
note = "Knowledge-Based and Intelligent Information \& Engineering Systems 18th Annual Conference, KES-2014 Gdynia, Poland, September 2014 Proceedings ",
issn = "1877-0509",
doi = "http://dx.doi.org/10.1016/j.procs.2014.08.153",
url = "http://www.sciencedirect.com/science/article/pii/S1877050914011181",
author = {Carson K. Leung and Kyle W. Joseph}
}

@incollection{frank2003,
year={2003},
isbn={978-3-540-20085-7},
booktitle={Knowledge Discovery in Databases: PKDD 2003},
volume={2838},
series={Lecture Notes in Computer Science},
editor={Lavrač, Nada and Gamberger, Dragan and Todorovski, Ljupčo and Blockeel, Hendrik},
doi={10.1007/978-3-540-39804-2_17},
title={Visualizing Class Probability Estimators},
url={http://dx.doi.org/10.1007/978-3-540-39804-2_17},
publisher={Springer Berlin Heidelberg},
author={Frank, Eibe and Hall, Mark},
pages={168-179},
language={English}
}

@inproceedings{DBLP:conf/ijcai/PatelDFKT11,
  author    = {Kayur Patel and
               Steven M. Drucker and
               James Fogarty and
               Ashish Kapoor and
               Desney S. Tan},
  title     = {Using Multiple Models to Understand Data},
  booktitle = {{IJCAI} 2011, Proceedings of the 22nd International Joint Conference
               on Artificial Intelligence, Barcelona, Catalonia, Spain, July 16-22,
               2011},
  pages     = {1723--1728},
  year      = {2011},
  crossref  = {DBLP:conf/ijcai/2011},
  url       = {http://ijcai.org/papers11/Papers/IJCAI11-289.pdf},
  timestamp = {Tue, 09 Aug 2011 14:09:58 +0200},
  biburl    = {http://dblp2.uni-trier.de/rec/bib/conf/ijcai/PatelDFKT11},
  bibsource = {dblp computer science bibliography, http://dblp.org}
}

@proceedings{DBLP:conf/ijcai/2011,
  editor    = {Toby Walsh},
  title     = {{IJCAI} 2011, Proceedings of the 22nd International Joint Conference
               on Artificial Intelligence, Barcelona, Catalonia, Spain, July 16-22,
               2011},
  publisher = {{IJCAI/AAAI}},
  year      = {2011},
  isbn      = {978-1-57735-516-8},
  timestamp = {Tue, 09 Aug 2011 14:09:58 +0200},
  biburl    = {http://dblp2.uni-trier.de/rec/bib/conf/ijcai/2011},
  bibsource = {dblp computer science bibliography, http://dblp.org}
}

@misc{ehrlinger2015,
    title = {ggRandomForests: Random Forests for Regression},
    author = {John Ehrlinger},
    url = {http://cran.r-project.org/package=ggRandomForests},
    note = {R package version 1.1.4},
    year = {2015}
}

@article{breiman2001,
author = "Breiman, Leo",
doi = "10.1214/ss/1009213726",
fjournal = "Statistical Science",
journal = "Statist. Sci.",
month = "08",
number = "3",
pages = "199--231",
publisher = "The Institute of Mathematical Statistics",
title = "Statistical Modeling: The Two Cultures (with comments and a
 rejoinder by the author)",
url = "http://dx.doi.org/10.1214/ss/1009213726",
volume = "16",
year = {2001}
}

@article{Cortez20131,
title = "Using sensitivity analysis and visualization techniques to open black box data mining models ",
journal = "Information Sciences ",
volume = "225",
number = "",
pages = "1 - 17",
year = "2013",
note = "",
issn = "0020-0255",
doi = "http://dx.doi.org/10.1016/j.ins.2012.10.039",
url = "http://www.sciencedirect.com/science/article/pii/S0020025512007098",
author = {Paulo Cortez and Mark J. Embrechts}
}

@article{friedman2001,
author = "Friedman, Jerome H.",
doi = "10.1214/aos/1013203451",
fjournal = "The Annals of Statistics",
journal = "Ann. Statist.",
month = "10",
number = "5",
pages = "1189--1232",
publisher = "The Institute of Mathematical Statistics",
title = "Greedy function approximation: A gradient boosting
			 machine.",
url = "http://dx.doi.org/10.1214/aos/1013203451",
volume = "29",
year = {2001}
}

@INPROCEEDINGS{885740, 
author={Rheingans, P. and desJardins, M.}, 
booktitle={Visualization 2000. Proceedings}, 
title={Visualizing high-dimensional predictive model quality}, 
year={2000}, 
pages={493-496}, 
keywords={data visualisation;learning by example;pattern classification;benchmark data set;census data;classification models;high-dimensional data space projection;high-dimensional predictive model quality visualization;inductive learning techniques;instance mapping;large high-dimensional data sets;learned models;model understanding;probabilistic prediction display;variable/class correlation;Artificial intelligence;Bayesian methods;Computer science;Data visualization;Diseases;Input variables;Learning systems;Machine learning;Machine learning algorithms;Predictive models}, 
doi={10.1109/VISUAL.2000.885740}, 
month={Oct}
}

@inproceedings{Kapoor:2010:IOS:1753326.1753529,
 author = {Kapoor, Ashish and Lee, Bongshin and Tan, Desney and Horvitz, Eric},
 title = {Interactive Optimization for Steering Machine Classification},
 booktitle = {Proceedings of the SIGCHI Conference on Human Factors in Computing Systems},
 series = {CHI '10},
 year = {2010},
 isbn = {978-1-60558-929-9},
 location = {Atlanta, Georgia, USA},
 pages = {1343--1352},
 numpages = {10},
 url = {http://doi.acm.org/10.1145/1753326.1753529},
 doi = {10.1145/1753326.1753529},
 acmid = {1753529},
 publisher = {ACM},
 address = {New York, NY, USA},
 keywords = {decision theory, interactive machine learning, interactive optimization, visualization}
}

@Inproceedings {export:141330,
address      = {New York, NY},
author       = {Kayur Patel and Naomi Bancroft and Steven Drucker and James Fogarty and James
                Landay},
booktitle    = {Proceedings of the 23rd annual ACM symposium on User interface software and
                technology},
publisher    = {ACM},
title        = {Gestalt: Integrated Support for Implementation and Analysis in Machine Learning},
url          = {http://research.microsoft.com/apps/pubs/default.aspx?id=141330},
year         = {2010}
}

@inproceedings{Amershi:2012:RIM:2207676.2207680,
 author = {Amershi, Saleema and Fogarty, James and Weld, Daniel},
 title = {Regroup: Interactive Machine Learning for On-demand Group Creation in Social Networks},
 booktitle = {Proceedings of the SIGCHI Conference on Human Factors in Computing Systems},
 series = {CHI '12},
 year = {2012},
 isbn = {978-1-4503-1015-4},
 location = {Austin, Texas, USA},
 pages = {21--30},
 numpages = {10},
 url = {http://doi.acm.org/10.1145/2207676.2207680},
 doi = {10.1145/2207676.2207680},
 acmid = {2207680},
 publisher = {ACM},
 address = {New York, NY, USA},
 keywords = {example and feature-based interaction, interactive machine learning, social network access control}
}

@inproceedings{Amershi:2011:CHF:1978942.1978966,
 author = {Amershi, Saleema and Lee, Bongshin and Kapoor, Ashish and Mahajan, Ratul and Christian, Blaine},
 title = {CueT: Human-guided Fast and Accurate Network Alarm Triage},
 booktitle = {Proceedings of the SIGCHI Conference on Human Factors in Computing Systems},
 series = {CHI '11},
 year = {2011},
 isbn = {978-1-4503-0228-9},
 location = {Vancouver, BC, Canada},
 pages = {157--166},
 numpages = {10},
 url = {http://doi.acm.org/10.1145/1978942.1978966},
 doi = {10.1145/1978942.1978966},
 acmid = {1978966},
 publisher = {ACM},
 address = {New York, NY, USA},
 keywords = {interactive machine learning, triage, visualization}
}

@inproceedings{Amershi:2011:DEE:2046396.2046416,
 author = {Amershi, Saleema},
 title = {Designing for Effective End-user Interaction with Machine Learning},
 booktitle = {Proceedings of the 24th Annual ACM Symposium Adjunct on User Interface Software and Technology},
 series = {UIST '11 Adjunct},
 year = {2011},
 isbn = {978-1-4503-1014-7},
 location = {Santa Barbara, California, USA},
 pages = {47--50},
 numpages = {4},
 url = {http://doi.acm.org/10.1145/2046396.2046416},
 doi = {10.1145/2046396.2046416},
 acmid = {2046416},
 publisher = {ACM},
 address = {New York, NY, USA},
 keywords = {end-user interactive machine learning}
}
