@article{goldstein14,
    title = {Peeking Inside the Black Box: Visualizing Statistical
      Learning With Plots of Individual Conditional Expectation},
    author = {Alex Goldstein and Adam Kapelner and Justin Bleich and
      Emil Pitkin},
    journal = {Journal of Computational and Graphical Statistics},
    year = {2014},
    month={March}
}

@inproceedings{cortez11, 
	author={Cortez, Paulo and Embrechts, Mark J.}, 
	booktitle={Computational Intelligence and Data Mining (CIDM), IEEE Symposium on},
	title={Opening black box Data Mining models using Sensitivity Analysis}, 
	year={2011}, 
	pages={341--348}, 
	month={April}
}

@article{paramo,
title = {{PARAMO: A PARAllel predictive MOdeling platform for healthcare analytic research using electronic health records}},
journal = "Journal of Biomedical Informatics",
volume = "",
year = "2013",
note = "",
author = "Kenney Ng and Amol Ghoting and Steven R. Steinhubl and Walter F. Stewart and Bradley Malin and Jimeng Sun",
keywords = "Predictive modeling",
keywords = "Electronic health records",
keywords = "Scientific workflows",
keywords = "Parallel computing",
keywords = {Map reduce}
}

@article{coquito, 
author={Krause, Josua and Perer, Adam and Stavropoulos, Harry}, 
journal={Visualization and Computer Graphics, IEEE Transactions on}, 
title={Supporting Iterative Cohort Construction}, 
year={2015}, 
volume={PP}, 
number={99}, 
pages={91--100}, 
keywords={Databases;Diseases;Junctions;Medical diagnostic imaging;Sociology;Statistics;Visualization;Visual temporal queries;cohort definition;electronic medical records;information visualization}, 
ISSN={1077-2626}, 
month={Oct}
}

@article{infuse,
  author={Krause, Josua and Perer, Adam and Bertini, Enrico},
  journal={Visualization and Computer Graphics, {IEEE} Transactions on},
  title={{INFUSE:} Interactive Feature Selection for Predictive Modeling of High Dimensional Data},
  year={2014},
  month={Dec},
  volume={20},
  number={12},
  pages={1614--1623},
  keywords={data analysis;data visualisation;pattern classification;INFUSE system;algorithmic output;classifiers;clinical researchers;cross-validation folds;electronic medical records;feature selection algorithms;high dimensional data modeling;interactive feature selection;patient outcomes;predicted outcomes;predictive modeling;predictive modeling techniques;user interpretation;visual analytics system;Algorithm design and analysis;Data models;Data visualization;Feature extraction;Prediction algorithms;Predictive models;Predictive modeling;classification;feature selection;high-dimensional data;visual analytics},
  ISSN={1077-2626}
}

@book{kuhn2013applied,
  title={{Applied Predictive Modeling}},
  author={Kuhn, Max and Johnson, Kjell},
  year={2013},
  publisher={Springer London, Limited}
}

@book{hastie2001,
  title={{The elements of statistical learning: data mining, inference, and prediction}},
  author={Hastie, Trevor and Tibshirani, Robert and Friedman, Jerome},
  year={2001},
  publisher={Springer Verlag}
}

@incollection{Becker:2001:VSB:383784.383809,
 author = {Becker, Barry and Kohavi, Ron and Sommerfield, Dan},
 chapter = {Visualizing the Simple Baysian Classifier},
 title = {Information Visualization in Data Mining and Knowledge Discovery},
 editor = {Fayyad, Usama and Grinstein, Georges G. and Wierse, Andreas},
 year = {2002},
 isbn = {1-55860-689-0},
 pages = {237--249},
 numpages = {13},
 acmid = {383809},
 publisher = {Morgan Kaufmann Publishers Inc.},
 address = {San Francisco, CA, USA}
}

@inproceedings{Caragea2001,
  author = {Caragea, Doina and Cook, Dianne and Honavar, Vasant},
  booktitle = {Proceedings of the KDD Conference},
  keywords = {},
  pages = {251--256},
  title = {Gaining Insights into Support Vector Machine Pattern Classifiers Using Projection-Based Tour Methods},
  year = {2001}
}

@inproceedings{Jakulin:2005:NVS:1081870.1081886,
 author = {Jakulin, Aleks and Mo\v{z}ina, Martin and Dem\v{s}ar, Janez and Bratko, Ivan and Zupan, Bla\v{z}},
 title = {Nomograms for Visualizing Support Vector Machines},
 booktitle = {Proceedings of the Eleventh ACM SIGKDD International Conference on Knowledge Discovery in Data Mining},
 series = {KDD '05},
 year = {2005},
 isbn = {1-59593-135-X},
 location = {Chicago, Illinois, USA},
 pages = {108--117},
 numpages = {10},
 acmid = {1081886},
 publisher = {ACM},
 address = {New York, NY, USA},
 keywords = {machine learning, nomogram, support vector machines, visualization}
}

@article{DBLP:journals/isci/MartinsONHC13,
  author    = {David Correa Martins Jr. and
               Evaldo A. de Oliveira and
               Ulisses de Mendon{\c{c}}a Braga Neto and
               Ronaldo Fumio Hashimoto and
               Roberto Marcondes Cesar Jr.},
  title     = {Signal propagation in Bayesian networks and its relationship with
               intrinsically multivariate predictive variables},
  journal   = {Information Sciences},
  volume    = {225},
  pages     = {18--34},
  month = {March},
  year      = {2013}
}

@inproceedings{Tzeng:2005:OTB,
title	=	"Opening the Black Box - Data Driven Visualization of Neural Networks",
booktitle	=	"Proceedings of IEEE Visualization '05 Conference",
author	=	"Fan-Yin Tzeng and Kwan-Liu Ma",
year	=	"2005",
pages	=	"383--390",
organization	=	"IEEE",
location	=	"Minneapolis, MN",
eventtime	=	{October 23-28, 2005}
}

@inproceedings{DBLP:journals/corr/XuBKCCSZB15,
   title="Show, Attend and Tell: Neural Image Caption Generation with Visual Attention", 
   author={Xu, Kelvin and Ba, Jimmy and Kiros, Ryan and Cho, Kyunghyun and Courville, Aaron and Salakhudinov, Ruslan and Zemel, Rich and Bengio, Yoshua}, 
   year="2015", 
   booktitle="Proceedings of the 32nd International Conference on Machine Learning (ICML-15)", 
   pages="2048--2057"
}

@article{citeulike:3733836,
title = {Illuminating the ``black box": a randomization approach for understanding variable contributions in artificial neural networks},
journal = "Ecological Modelling",
volume = "154",
number = "1–2",
pages = "135--150",
year = "2002",
note = "",
issn = "0304-3800",
author = "Julian D. Olden and Donald A. Jackson",
keywords = "Connection weights",
keywords = "Sensitivity analysis",
keywords = "Neural Interpretation Diagram",
keywords = "Garson's algorithm",
keywords = "Statistical models"
}

@article{DBLP:journals/neco/PlateBGB00,
  author    = {Tony Plate and
               Joel Bert and
               John Grace and
               Pierre Band},
  title     = {Visualizing the Function Computed by a Feedforward Neural Network},
  journal   = {Progress in Connectionist-Based Information Systems:
  Proceedings of The Fourth International Conference on Neural Information Processing (ICONIP'97)},
  volume    = {1},
  pages     = {306--309},
  year      = {1997}
}

@inproceedings{6102453, 
author={Stef van den Elzen and Jarke J. van Wijk}, 
booktitle={Visual Analytics Science and Technology (VAST), IEEE Conference on}, 
title={BaobabView: Interactive construction and analysis of decision trees}, 
year={2011}, 
pages={151--160}, 
month={Oct}
}

@inproceedings{5332586, 
author={Chad A. Steed and J. Edward Swan II and T.J. Jankun-Kelly and Patrick J. Fitzpatrick}, 
booktitle={Visual Analytics Science and Technology (VAST), IEEE Symposium on}, 
title={Guided analysis of hurricane trends using statistical processes integrated with interactive parallel coordinates}, 
year={2009}, 
pages={19--26},
month={Oct}
}

@article{doi:10.1559/152304009788988314,
author = {Chad A. Steed and Patrick J. Fitzpatrick and J. Edward Swan II and T.J.   Jankun-Kelly},
title = {Tropical Cyclone Trend Analysis Using Enhanced Parallel Coordinates and Statistical Analytics},
journal = {Cartography and Geographic Information Science},
volume = {36},
number = {3},
pages = {251--265},
year = {2009}
}

@inproceedings{Talbot:2009:EIV:1518701.1518895,
 author = {Talbot, Justin and Lee, Bongshin and Kapoor, Ashish and Tan, Desney S.},
 title = {EnsembleMatrix: Interactive Visualization to Support Machine Learning with Multiple Classifiers},
 booktitle = {Proceedings of the SIGCHI Conference on Human Factors in Computing Systems},
 series = {CHI '09},
 year = {2009},
 location = {Boston, MA, USA},
 pages = {1283--1292},
 numpages = {10},
 acmid = {1518895},
 publisher = {ACM},
 address = {New York, NY, USA}
}

@inproceedings{Mishra:2015:SAI:2700171.2791022,
 author = {Mishra, Shubhanshu and Diesner, Jana and Byrne, Jason and Surbeck, Elizabeth},
 title = {Sentiment Analysis with Incremental Human-in-the-Loop Learning and Lexical Resource Customization},
 booktitle = {Proceedings of the 26th ACM Conference on Hypertext \&\#38; Social Media},
 series = {HT '15},
 year = {2015},
 location = {Guzelyurt, Northern Cyprus},
 pages = {323--325},
 numpages = {3},
 acmid = {2791022},
 publisher = {ACM},
 address = {New York, NY, USA},
 keywords = {incremental learning, lexical resource customization, sentiment analysis}
}

@article{export:241307,
author = {Saleema Amershi and Max Chickering and Steven M. Drucker and Bongshin Lee and Patrice Simard and Jina Suh},
booktitle = {Proceedings of the Conference on Human Factors in Computing Systems (CHI '15)},
month = {April},
publisher = {ACM},
title = {ModelTracker: Redesigning Performance Analysis Tools for Machine Learning},
year = {2015},
pages = {337--346}
}

@article{Leung2014710,
title = "Sports Data Mining: Predicting Results for the College Football Games",
journal = "Procedia Computer Science",
volume = "35",
number = "",
pages = "710--719",
month = {September},
year = "2014",
note = "Knowledge-Based and Intelligent Information \& Engineering Systems 18th Annual Conference (KES), Proceedings of",
author = {Carson K. Leung and Kyle W. Joseph}
}

@incollection{frank2003,
year={2003},
isbn={978-3-540-20085-7},
booktitle={Knowledge Discovery in Databases (PKDD)},
volume={2838},
series={Lecture Notes in Computer Science},
editor={Lavrač, Nada and Gamberger, Dragan and Todorovski, Ljupčo and Blockeel, Hendrik},
title={Visualizing Class Probability Estimators},
publisher={Springer Berlin Heidelberg},
author={Frank, Eibe and Hall, Mark},
pages={168--179},
language={English}
}

@inproceedings{DBLP:conf/ijcai/PatelDFKT11,
  author    = {Kayur Patel and
               Steven M. Drucker and
               James Fogarty and
               Ashish Kapoor and
               Desney S. Tan},
  title     = {Using Multiple Models to Understand Data},
  booktitle = {Proceedings of the 22nd International Joint Conference
               on Artificial Intelligence ({IJCAI})},
  pages     = {1723--1728},
  month = {July},
  year      = {2011},
  crossref  = {DBLP:conf/ijcai/2011}
}

@proceedings{DBLP:conf/ijcai/2011,
  editor    = {Toby Walsh},
  title     = {Proceedings of the 22nd International Joint Conference
               on Artificial Intelligence ({IJCAI})},
  publisher = {{IJCAI/AAAI}},
  month = {July},
  year      = {2011},
  isbn      = {978-1-57735-516-8}
}

@misc{ehrlinger2015,
    title = {ggRandomForests: Random Forests for Regression},
    author = {John Ehrlinger},
    note = {R package version 1.1.4},
    year = {2015}
}

@article{breiman2001,
author = "Breiman, Leo",
fjournal = "Statistical Science",
journal = "Statistical Science",
month = "08",
number = "3",
pages = "199--231",
publisher = "The Institute of Mathematical Statistics",
title = "Statistical Modeling: The Two Cultures",
volume = "16",
year = {2001}
}

@article{Cortez20131,
title = "Using sensitivity analysis and visualization techniques to open black box data mining models",
journal = "Information Sciences ",
volume = "225",
number = "",
pages = "1--17",
year = "2013",
note = "",
issn = "0020-0255",
author = {Paulo Cortez and Mark J. Embrechts}
}

@article{friedman2001,
author = "Friedman, Jerome H.",
fjournal = "The Annals of Statistics",
journal = "Annals of Statistics",
month = "10",
number = "5",
pages = "1189--1232",
publisher = "The Institute of Mathematical Statistics",
title = "Greedy function approximation: A gradient boosting machine",
volume = "29",
year = {2001}
}

@inproceedings{885740, 
author={Rheingans, Penny and desJardins, Marie},
booktitle={Visualization},
title={Visualizing high-dimensional predictive model quality},
year={2000},
pages={493-496},
month={Oct}
}

@inproceedings{Kapoor:2010:IOS:1753326.1753529,
 author = {Kapoor, Ashish and Lee, Bongshin and Tan, Desney and Horvitz, Eric},
 title = {Interactive Optimization for Steering Machine Classification},
 booktitle = {Proceedings of the SIGCHI Conference on Human Factors in Computing Systems},
 series = {CHI '10},
 year = {2010},
 isbn = {978-1-60558-929-9},
 location = {Atlanta, Georgia, USA},
 pages = {1343--1352},
 numpages = {10},
 acmid = {1753529},
 publisher = {ACM},
 address = {New York, NY, USA},
 keywords = {decision theory, interactive machine learning, interactive optimization, visualization}
}

@inproceedings{export:141330,
address      = {New York, NY},
author       = {Kayur Patel and Naomi Bancroft and Steven Drucker and James Fogarty and James Landay},
booktitle    = {Proceedings of the 23rd annual ACM symposium on User interface software and technology (UIST)},
publisher    = {ACM},
title        = {Gestalt: Integrated Support for Implementation and Analysis in Machine Learning},
year         = {2010},
pages = {37--46}
}

@inproceedings{Amershi:2012:RIM:2207676.2207680,
 author = {Amershi, Saleema and Fogarty, James and Weld, Daniel},
 title = {Regroup: Interactive Machine Learning for On-demand Group Creation in Social Networks},
 booktitle = {Proceedings of the SIGCHI Conference on Human Factors in Computing Systems},
 series = {CHI '12},
 year = {2012},
 isbn = {978-1-4503-1015-4},
 location = {Austin, Texas, USA},
 pages = {21--30},
 numpages = {10},
 acmid = {2207680},
 publisher = {ACM},
 address = {New York, NY, USA},
 keywords = {example and feature-based interaction, interactive machine learning, social network access control}
}

@inproceedings{Amershi:2011:CHF:1978942.1978966,
 author = {Amershi, Saleema and Lee, Bongshin and Kapoor, Ashish and Mahajan, Ratul and Christian, Blaine},
 title = {CueT: Human-guided Fast and Accurate Network Alarm Triage},
 booktitle = {Proceedings of the SIGCHI Conference on Human Factors in Computing Systems},
 series = {CHI '11},
 year = {2011},
 isbn = {978-1-4503-0228-9},
 location = {Vancouver, BC, Canada},
 pages = {157--166},
 numpages = {10},
 acmid = {1978966},
 publisher = {ACM},
 address = {New York, NY, USA},
 keywords = {interactive machine learning, triage, visualization}
}

@inproceedings{Amershi:2011:DEE:2046396.2046416,
 author = {Amershi, Saleema and Fogarty, James and Kapoor, Ashish and Tan Desney},
 title = {Designing for Effective End-user Interaction with Machine Learning},
 booktitle = {Proceedings of the 24th Annual ACM Symposium Adjunct on User Interface Software and Technology},
 series = {UIST '11 Adjunct},
 year = {2011},
 isbn = {978-1-4503-1014-7},
 location = {Santa Barbara, California, USA},
 pages = {47--50},
 numpages = {4},
 acmid = {2046416},
 publisher = {ACM},
 address = {New York, NY, USA},
 keywords = {end-user interactive machine learning}
}

@article{bertini_summaries:_2011,
  title = {Summaries: a special issue on evaluation for information visualization},
  volume = {10},
  issn = {1473-8716},
  number = {3},
  journal = {Information Visualization},
  author = {Bertini, Enrico and Lam, Heidi and Perer, Adam},
  year = {2011}
}

@inproceedings{plaisant_challenge_2004,
  title = {The challenge of information visualization evaluation},
  booktitle = {Proceedings of the working conference on Advanced visual interfaces},
  publisher = {{ACM}},
  author = {Plaisant, Catherine},
  year = {2004},
  pages = {109--116}
}

@inproceedings{shneiderman_strategies_2006,
  title = {Strategies for evaluating information visualization tools: multi-dimensional in-depth long-term case studies},
  shorttitle = {Strategies for evaluating information visualization tools},
  booktitle = {Proceedings of the 2006 {BELIV} Workshop},
  author = {Shneiderman, Ben and Plaisant, Catherine},
  year = {2006},
  pages = {1--7}
}

@inproceedings{perer_integrating_2008,
  title = {Integrating statistics and visualization: case studies of gaining clarity during exploratory data analysis},
  shorttitle = {Integrating statistics and visualization},
  booktitle = {Proceedings of the twenty-sixth annual {SIGCHI} conference on Human factors in computing systems},
  author = {Perer, Adam and Shneiderman, Ben},
  year = {2008},
  pages = {265--274}
}

@phdthesis{Lim:2012:IUT:2518922,
  author = {Lim, Brian Y.},
  advisor = {Dey, Anind K.},
  title = {Improving Understanding and Trust with Intelligibility in Context-aware Applications},
  year = {2012},
  isbn = {978-1-267-55992-0},
  note = {AAI3524680},
  publisher = {Carnegie Mellon University},
  address = {Pittsburgh, PA, USA}
}

@inproceedings{Kulesza:2015:PED:2678025.2701399,
  author = {Kulesza, Todd and Burnett, Margaret and Wong, Weng-Keen and Stumpf, Simone},
  title = {Principles of Explanatory Debugging to Personalize Interactive Machine Learning},
  booktitle = {Proceedings of the 20th International Conference on Intelligent User Interfaces},
  series = {IUI '15},
  year = {2015},
  isbn = {978-1-4503-3306-1},
  location = {Atlanta, Georgia, USA},
  pages = {126--137},
  numpages = {12},
  acmid = {2701399},
  publisher = {ACM},
  address = {New York, NY, USA},
  keywords = {end user programming, interactive machine learning}
}

@inproceedings{kim2015MGM,
  title={Mind the {G}ap: {A} Generative Approach to Interpretable Feature Selection and Extraction},
  author={Kim, Been and Doshi-Velez, Finale and Shah, Julie A},
  booktitle={Advances in Neural Information Processing Systems},
  year={2015}
}

@inproceedings{kim2014bayesian,
  title={The {B}ayesian {C}ase {M}odel: A Generative Approach for Case-Based Reasoning and Prototype Classification},
  author={Kim, Been and Rudin, Cynthia and Shah, Julie A},
  booktitle={Advances in Neural Information Processing Systems},
  pages={1952--1960},
  year={2014}
}

@inproceedings{kim2015scalable,
  title={Scalable and interpretable data representation for high-dimensional complex data},
  author={Kim, Been and Patel, Kayur and Rostamizadeh, Afshin and Shah, Julie},
  booktitle={Association for the Advancement of Artificial Intelligence (AAAI)},
  year={2015}
}

@inproceedings{Caruana:2015:IMH:2783258.2788613,
  author = {Caruana, Rich and Lou, Yin and Gehrke, Johannes and Koch, Paul and Sturm, Marc and Elhadad, Noemie},
  title = {Intelligible Models for HealthCare: Predicting Pneumonia Risk and Hospital 30-day Readmission},
  booktitle = {Proceedings of the 21th ACM SIGKDD International Conference on Knowledge Discovery and Data Mining},
  series = {KDD '15},
  year = {2015},
  isbn = {978-1-4503-3664-2},
  location = {Sydney, NSW, Australia},
  pages = {1721--1730},
  numpages = {10},
  acmid = {2788613},
  publisher = {ACM},
  address = {New York, NY, USA},
  keywords = {additive models, classification, healthcare, intelligibility, interaction detection, logistic regression, risk prediction}
}

@incollection{NIPS2014_5580,
  title = {Discovering Structure in High-Dimensional Data Through Correlation Explanation},
  author = {Ver Steeg, Greg and Galstyan, Aram},
  booktitle = {Advances in Neural Information Processing Systems 27},
  editor = {Z. Ghahramani and M. Welling and C. Cortes and N.D. Lawrence and K.Q. Weinberger},
  pages = {577--585},
  year = {2014},
  publisher = {Curran Associates, Inc.}
}

@conference{steeg2015corex_theory,
  title = {Maximally Informative Hierarchical Representations of High-Dimensional Data},
  booktitle = {AISTATS{\textquoteright}15},
  year = {2015},
  urlpaper = {http://arxiv.org/abs/1410.7404},
  author = {Greg Ver Steeg and Aram Galstyan}
}

@misc{Lichman:2013,
author = "Moshe Lichman and Kevin Bache",
year = "2013",
title = "{UCI} Machine Learning Repository",
url = "http://archive.ics.uci.edu/ml",
institution = "University of California, Irvine, School of Information and Computer Sciences"
}