@article{yang2003interactive,
  title={Interactive hierarchical displays: a general framework for visualization and exploration of large multivariate data sets},
  author={Yang, Jing and Ward, Matthew O and Rundensteiner, Elke A},
  journal={Computers \& Graphics},
  volume={27},
  number={2},
  pages={265--283},
  year={2003},
  publisher={Elsevier}
}

@inproceedings{Teoh:2003:PIC:956750.956837,
 author = {Teoh, Soon Tee and Ma, Kwan-Liu},
 title = {{PaintingClass: Interactive Construction, Visualization and Exploration of Decision Trees}},
 booktitle = {Proceedings of the Ninth ACM SIGKDD International Conference on Knowledge Discovery and Data Mining},
 series = {KDD '03},
 year = {2003},
 location = {Washington, D.C.},
 pages = {667--672},
 numpages = {6},
 acmid = {956837},
 publisher = {ACM},
 address = {New York, NY, USA},
 keywords = {classification, decision trees, information visualization, interactive visualization, visual data mining},
}

@article{bertini2011quality,
  title={Quality metrics in high-dimensional data visualization: an overview and systematization},
  author={Bertini, Enrico and Tatu, Andrada and Keim, Daniel},
  journal={Visualization and Computer Graphics, IEEE Transactions on},
  volume={17},
  number={12},
  pages={2203--2212},
  year={2011},
  publisher={IEEE}
}

@inproceedings{wilkinson2005graph,
  title={{Graph-Theoretic Scagnostics}},
  author={Wilkinson, Leland and Anand, Anushka and Grossman, Robert L},
  booktitle={INFOVIS},
  volume={5},
  pages={21},
  year={2005}
}

@article{seo2005rank,
  title={A rank-by-feature framework for interactive exploration of multidimensional data},
  author={Seo, Jinwook and Shneiderman, Ben},
  journal={Information Visualization},
  volume={4},
  number={2},
  pages={96--113},
  year={2005},
  publisher={SAGE Publications}
}

@article{muhlbacher2013partition,
  title={A partition-based framework for building and validating regression models},
  author={Muhlbacher, Thomas and Piringer, Harald},
  journal={Visualization and Computer Graphics, IEEE Transactions on},
  volume={19},
  number={12},
  pages={1962--1971},
  year={2013},
  publisher={IEEE}
}

@inproceedings{steed2009guided,
  title={Guided analysis of hurricane trends using statistical processes integrated with interactive parallel coordinates},
  author={Steed, Chad A and Swan, JE and Jankun-Kelly, TJ and Fitzpatrick, Patrick J},
  booktitle={Visual Analytics Science and Technology, 2009. VAST 2009. IEEE Symposium on},
  pages={19--26},
  year={2009},
  organization={IEEE}
}

@article{steed2009tropical,
  title={Tropical cyclone trend analysis using enhanced parallel coordinates and statistical analytics},
  author={Steed, Chad A and Fitzpatrick, Patrick J and Swan, J Edward and Jankun-Kelly, TJ},
  journal={Cartography and Geographic Information Science},
  volume={36},
  number={3},
  pages={251--265},
  year={2009},
  publisher={Taylor \& Francis}
}

@inproceedings{choo2010ivisclassifier,
  title={{iVisClassifier: An interactive visual analytics system for classification based on supervised dimension reduction}},
  author={Choo, Jaegul and Lee, Hanseung and Kihm, Jaeyeon and Park, Haesun},
  booktitle={Visual Analytics Science and Technology (VAST), 2010 IEEE Symposium on},
  pages={27--34},
  year={2010},
  organization={IEEE}
}

@inproceedings{van2011baobabview,
  title={{BaobabView: Interactive construction and analysis of decision trees}},
  author={van den Elzen, Stef and van Wijk, Jarke J},
  booktitle={Visual Analytics Science and Technology (VAST), 2011 IEEE Conference on},
  pages={151--160},
  year={2011},
  organization={IEEE}
}

@inproceedings{ankerst2000towards,
  title={Towards an effective cooperation of the user and the computer for classification},
  author={Ankerst, Mihael and Ester, Martin and Kriegel, Hans-Peter},
  booktitle={Proceedings of the sixth ACM SIGKDD international conference on Knowledge discovery and data mining},
  pages={179--188},
  year={2000},
  organization={ACM}
}

@inproceedings{ankerst1999visual,
  title={Visual classification: an interactive approach to decision tree construction},
  author={Ankerst, Mihael and Elsen, Christian and Ester, Martin and Kriegel, Hans-Peter},
  booktitle={Proceedings of the fifth ACM SIGKDD international conference on Knowledge discovery and data mining},
  pages={392--396},
  year={1999},
  organization={ACM}
}

@article{Guo2003,
author = {Guo, Diansheng},
journal = {Information Visualization},
keywords = {data mining and knowledge,discovery,entropy,feature selection,hierarchical clustering,interactive visualization,mutual information},
month = dec,
number = {4},
pages = {232--246},
title = {{Coordinating computational and visual approaches for interactive feature selection and multivariate clustering}},
volume = {2},
year = {2003}
}

@article{Ingram2010,
author = {Ingram, Stephen and Munzner, Tamara and Irvine, Veronika and Tory, Melanie and Bergner, Steven and Moller, Torsten},
journal = {2010 IEEE Symposium on Visual Analytics Science and Technology},
month = oct,
pages = {3--10},
publisher = {Ieee},
title = {{DimStiller: Workflows for dimensional analysis and reduction}},
year = {2010}
}

@article{Johansson2009,
author = {Johansson, Sara and Johansson, Jimmy},
journal = {IEEE transactions on visualization and computer graphics},
number = {6},
pages = {993--1000},
pmid = {19834164},
title = {{Interactive dimensionality reduction through user-defined combinations of quality metrics}},
volume = {15},
year = {2009}
}

@article{Kidwell2008,
annote = {metric for ranked data (with ties and unranked elements)
MDS projection of voters displayed as heatmap
heatmap interaction + grouping/selecting voters},
author = {Kidwell, Paul and Lebanon, Guy and Cleveland, William S},
journal = {IEEE transactions on visualization and computer graphics},
number = {6},
pages = {1356--63},
pmid = {18988984},
title = {{Visualizing incomplete and partially ranked data}},
volume = {14},
year = {2008}
}

@article{May2011,
author = {May, Thorsten and Bannach, Andreas and Davey, James and Ruppert, Tobias and Kohlhammer, Jorn},
journal = {2011 IEEE Conference on Visual Analytics Science and Technology (VAST)},
month = oct,
pages = {111--120},
publisher = {Ieee},
title = {{Guiding feature subset selection with an interactive visualization}},
year = {2011}
}

@article{paramo,
title = {{PARAMO: A PARAllel predictive MOdeling platform for healthcare analytic research using electronic health records}},
journal = "Journal of Biomedical Informatics ",
volume = "",
year = "2013",
note = "",
author = "Kenney Ng and Amol Ghoting and Steven R. Steinhubl and Walter F. Stewart and Bradley Malin and Jimeng Sun",
keywords = "Predictive modeling",
keywords = "Electronic health records",
keywords = "Scientific workflows",
keywords = "Parallel computing",
keywords = "Map reduce "
}

@inproceedings{YangPHMWR04,
    author = {Yang, Jing and Patro, Anilkumar and Huang, Shiping and Mehta, Nishant and Ward, Matthew O. and Rundensteiner, Elke A.},
    booktitle = {IEEE Symposium on Information Visualization},
    pages = {73--80},
    priority = {2},
    publisher = {IEEE Computer Society},
    title = {{Value and Relation Display for Interactive Exploration of High Dimensional Datasets}},
    year = {2004}
}

@inproceedings{wang2003interactive,
  title={Interactive hierarchical dimension ordering, spacing and filtering for exploration of high dimensional datasets},
  author={Wang, Jing and Peng, Wei and Ward, Matthew O and Rundensteiner, Elke A},
  booktitle={Information Visualization, 2003. INFOVIS 2003. IEEE Symposium on},
  pages={105--112},
  year={2003},
  organization={IEEE}
}

@article{Seo2005,
author = {Seo, Jinwook and Shneiderman, Ben},
journal = {Information Visualization},
month = may,
number = {2},
pages = {96--113},
title = {{A rank-by-feature framework for interactive exploration of multidimensional data}},
volume = {4},
year = {2005}
}

@article{Turkay2011,
author = {Turkay, Cagatay and Filzmoser, Peter and Hauser, Helwig},
journal = {IEEE transactions on visualization and computer graphics},
keywords = {Computer Graphics,Computer Simulation,Data Interpretation, Statistical,Databases, Factual,Databases, Factual: statistics \& numerical data,Humans,Oligonucleotide Array Sequence Analysis,Oligonucleotide Array Sequence Analysis: statistic,User-Computer Interface},
month = dec,
number = {12},
pages = {2591--9},
pmid = {22034381},
title = {{Brushing dimensions--a dual visual analysis model for high-dimensional data}},
volume = {17},
year = {2011}
}

@book{kuhn2013applied,
  title={{Applied Predictive Modeling}},
  author={Kuhn, M. and Johnson, K.},
  year={2013},
  publisher={Springer London, Limited}
}

@book{chen2006medical,
  title={Medical informatics: knowledge management and data mining in biomedicine},
  author={Chen, Hsinchun and Fuller, Sherrilynne S and Friedman, Carol and Hersh, William},
  volume={8},
  year={2006},
  publisher={Springer}
}

@article{bellazzi2008predictive,
  title={Predictive data mining in clinical medicine: current issues and guidelines},
  author={Bellazzi, Riccardo and Zupan, Blaz},
  journal={International journal of medical informatics},
  volume={77},
  number={2},
  pages={81--97},
  year={2008},
  publisher={Elsevier}
}

@article{jensen2012mining,
  title={Mining electronic health records: towards better research applications and clinical care},
  author={Jensen, Peter B and Jensen, Lars J and Brunak, S{\o}ren},
  journal={Nature Reviews Genetics},
  volume={13},
  number={6},
  pages={395--405},
  year={2012},
  publisher={Nature Publishing Group}
}
