@inproceedings{vellido2012making,
  title={Making machine learning models interpretable.},
  author={Vellido, Alfredo and Mart{\'\i}n-Guerrero, Jos{\'e} David and Lisboa, Paulo JG},
  booktitle={Proceedings of European Symposium on Artificial Neural Networks, Computational Intelligence
and Machine Learning (ESANN)},
  volume={12},
  pages={163--172},
  year={2012}
}

@article{amershi2014power,
  title={Power to the people: The role of humans in interactive machine learning},
  author={Amershi, Saleema and Cakmak, Maya and Knox, William Bradley and Kulesza, Todd},
  journal={AI Magazine},
  volume={35},
  number={4},
  pages={105--120},
  year={2014}
}

@inproceedings{lou2012intelligible,
  title={Intelligible models for classification and regression},
  author={Lou, Yin and Caruana, Rich and Gehrke, Johannes},
  booktitle={Proceedings of the ACM SIGKDD International Conference on Knowledge Discovery and Data Mining (KDD)},
  pages={150--158},
  year={2012},
  organization={ACM}
}

@article{martens2007comprehensible,
  title={Comprehensible credit scoring models using rule extraction from support vector machines},
  author={Martens, David and Baesens, Bart and Van Gestel, Tony and Vanthienen, Jan},
  journal={European Journal of Operational Research},
  volume={183},
  number={3},
  pages={1466--1476},
  year={2007},
  publisher={Elsevier}
}

@article{freitas2014comprehensible,
  title={Comprehensible classification models: a position paper},
  author={Freitas, Alex A},
  journal={Proceedings of the ACM SIGKDD International Conference on Knowledge Discovery and Data Mining (KDD)},
  volume={15},
  number={1},
  pages={1--10},
  year={2014},
  publisher={ACM}
}

@article{baesens2003using,
  title={Using neural network rule extraction and decision tables for credit-risk evaluation},
  author={Baesens, Bart and Setiono, Rudy and Mues, Christophe and Vanthienen, Jan},
  journal={Management Science},
  volume={49},
  number={3},
  pages={312--329},
  year={2003},
  publisher={INFORMS}
}

@MISC{Craven98usingneural,
    author = {Mark W. Craven and Jude W. Shavlik},
    title = {Using Neural Networks for Data Mining},
    year = {1998}
}

@article{liu2017towards,
  title={Towards better analysis of machine learning models: A visual analytics perspective},
  author={Liu, Shixia and Wang, Xiting and Liu, Mengchen and Zhu, Jun},
  journal={Visual Informatics},
  year={2017},
  publisher={Elsevier}
}

@article{tam2017analysis,
  title={An Analysis of Machine-and Human-Analytics in Classification},
  author={Tam, Gary KL and Kothari, Vivek and Chen, Min},
  journal={{IEEE} Transactions on Visualization and Computer Graphics},
  volume={23},
  number={1},
  pages={71--80},
  year={2017},
  publisher={IEEE}
}

@article{alsallakh2014visual,
  title={Visual methods for analyzing probabilistic classification data},
  author={Alsallakh, Bilal and Hanbury, Allan and Hauser, Helwig and Miksch, Silvia and Rauber, Andreas},
  journal={{IEEE} Transactions on Visualization and Computer Graphics},
  volume={20},
  number={12},
  pages={1703--1712},
  year={2014},
  publisher={IEEE}
}

@article{lipton2016mythos,
  title={The mythos of model interpretability},
  author={Lipton, Zachary C},
  journal={ICML Workshop on Human Interpretability in Machine Learning (WHI)},
  url={https://arxiv.org/abs/1606.03490},
  year={2016},
  month={Jun}
}

@inproceedings{brooks2015featureinsight,
  title={FeatureInsight: Visual support for error-driven feature ideation in text classification},
  author={Brooks, Michael and Amershi, Saleema and Lee, Bongshin and Drucker, Steven M and Kapoor, Ashish and Simard, Patrice},
  booktitle={{IEEE} Symposium on Visual Analytics Science and Technology (VAST)},
  pages={105--112},
  year={2015},
  organization={IEEE}
}

@inproceedings{choo2010ivisclassifier,
  title={iVisClassifier: An interactive visual analytics system for classification based on supervised dimension reduction},
  author={Choo, Jaegul and Lee, Hanseung and Kihm, Jaeyeon and Park, Haesun},
  booktitle={{IEEE} Symposium on Visual Analytics Science and Technology (VAST)},
  pages={27--34},
  year={2010},
  organization={IEEE}
}

@inproceedings{heimerl2012featureforge,
  title={FeatureForge: A Novel Tool for Visually Supported Feature Engineering and Corpus Revision.},
  author={Heimerl, Florian and Jochim, Charles and Koch, Steffen and Ertl, Thomas},
  booktitle={COLING (Posters)},
  pages={461--470},
  year={2012},
  organization={Citeseer}
}

@inproceedings{harmful,
  title={Explanations Considered Harmful? User Interactions with Machine Learning Systems},
  author={Simone Stumpf and Adrian Bussone and Dympna O'Sullivan},
  booktitle={Proceedings of the ACM SIGCHI Conference on Human Factors in Computing Systems (CHI)},
  year={2016},
}

@inproceedings{cortez2011opening,
  title={Opening black box data mining models using sensitivity analysis},
  author={Cortez, Paulo and Embrechts, Mark J},
  booktitle={{IEEE} Symposium on Computational Intelligence and Data Mining (CIDM)},
  pages={341--348},
  year={2011},
  organization={IEEE}
}

@article{dasgupta2017familiarity,
  title={Familiarity Vs Trust: A Comparative Study of Domain Scientists' Trust in Visual Analytics and Conventional Analysis Methods},
  author={Dasgupta, Aritra and Lee, Joon-Yong and Wilson, Ryan and Lafrance, Robert A and Cramer, Nick and Cook, Kristin and Payne, Samuel},
  journal={{IEEE} Transactions on Visualization and Computer Graphics},
  volume={23},
  number={1},
  pages={271--280},
  year={2017},
  publisher={IEEE}
}

@inproceedings{DBLP:journals/corr/XuBKCCSZB15,
   title="Show, Attend and Tell: Neural Image Caption Generation with Visual Attention", 
   author={Xu, Kelvin and Ba, Jimmy and Kiros, Ryan and Cho, Kyunghyun and Courville, Aaron and Salakhudinov, Ruslan and Zemel, Rich and Bengio, Yoshua}, 
   year="2015", 
   booktitle="Proceedings of the International Conference on Machine Learning (ICML)", 
   pages="2048--2057"
}

@inproceedings{hofmann2000visualizing,
  title={Visualizing association rules with interactive mosaic plots},
  author={Hofmann, Heike and Siebes, Arno PJM and Wilhelm, Adalbert FX},
  booktitle={Proceedings of the ACM SIGKDD International Conference on Knowledge Discovery and Data Mining (KDD)},
  pages={227--235},
  year={2000},
  organization={ACM}
}

@article{yang2005pruning,
  title={Pruning and visualizing generalized association rules in parallel coordinates},
  author={Yang, Li},
  journal={{IEEE} Transactions on Knowledge and Data Engineering},
  volume={17},
  number={1},
  pages={60--70},
  year={2005},
  publisher={IEEE}
}

@inproceedings{liu2006rule,
  title={Rule interestingness analysis using OLAP operations},
  author={Liu, Bing and Zhao, Kaidi and Benkler, Jeffrey and Xiao, Weimin},
  booktitle={Proceedings of the ACM SIGKDD International Conference on Knowledge Discovery and Data Mining (KDD)},
  pages={297--306},
  year={2006},
  organization={ACM}
}

@incollection{techapichetvanich2005visar,
  title={Visar: A new technique for visualizing mined association rules},
  author={Techapichetvanich, Kesaraporn and Datta, Amitava},
  booktitle={Advanced Data Mining and Applications},
  pages={88--95},
  year={2005},
  publisher={Springer}
}

@article{lipkus1999proof,
  title={A proof of the triangle inequality for the Tanimoto distance},
  author={Lipkus, Alan H},
  journal={Journal of Mathematical Chemistry},
  volume={26},
  number={1-3},
  pages={263--265},
  year={1999},
  publisher={Springer}
}

@article{raileanu2004theoretical,
  title={Theoretical comparison between the gini index and information gain criteria},
  author={Raileanu, Laura Elena and Stoffel, Kilian},
  journal={Annals of Mathematics and Artificial Intelligence},
  volume={41},
  number={1},
  pages={77--93},
  year={2004},
  publisher={Springer}
}

@article{lespinats2011checkviz,
  title={CheckViz: Sanity Check and Topological Clues for Linear and Non-Linear Mappings},
  author={Lespinats, Sylvain and Aupetit, Micha{\"e}l},
  journal={{EG/IEEE} Computer Graphics Forum},
  volume={30},
  pages={113--125},
  year={2011},
  organization={Wiley Online Library}
}

@article{kruskal1964multidimensional,
  title={Multidimensional scaling by optimizing goodness of fit to a nonmetric hypothesis},
  author={Kruskal, Joseph B},
  journal={Psychometrika},
  volume={29},
  number={1},
  pages={1--27},
  year={1964},
  publisher={Springer}
}

@article{may2008towards,
  title={Towards closing the analysis gap: Visual generation of decision supporting schemes from raw data},
  author={May, Thorsten and Kohlhammer, J{\"o}rn},
  journal={{EG/IEEE} Computer Graphics Forum},
  volume={27},
  number={3},
  pages={911--918},
  year={2008},
  organization={Wiley Online Library}
}

@inproceedings{wong1999visualizing,
  title={Visualizing association rules for text mining},
  author={Wong, Pak Chung and Whitney, Paul and Thomas, Jim},
  booktitle={{IEEE} Symposium on Information Visualization (InfoVis)},
  pages={120--123},
  year={1999},
  organization={IEEE}
}

@article{agrawal1993mining,
  title={Mining association rules between sets of items in large databases},
  author={Agrawal, Rakesh and Imieli{\'n}ski, Tomasz and Swami, Arun},
  journal={ACM SIGMOD Record},
  volume={22},
  number={2},
  pages={207--216},
  year={1993},
  publisher={ACM}
}

@inproceedings{zhao2001visual,
  title={Visual analysis of the behavior of discovered rules},
  author={Zhao, Kaidi and Liu, Bing},
  booktitle={Proceedings of KDD Workshop on Visual Data Mining},
  pages={59--64},
  year={2001}
}

@article{prospector,
author={Josua Krause and Adam Perer and Kenney Ng},
title={Interacting with Predictions: Visual Inspection of Black-box Machine Learning Models},
 pages={5686--5697},
journal={Proceedings of the ACM SIGCHI Conference on Human Factors in Computing Systems (CHI)},
year={2016}
}

@inproceedings{Caragea:2001:GIS:502512.502547,
  author = {Caragea, Doina and Cook, Dianne and Honavar, Vasant},
  booktitle = {Proceedings of the KDD Conference},
  pages = {251--256},
  title = {Gaining Insights into Support Vector Machine Pattern Classifiers Using Projection-Based Tour Methods},
  year = {2001}
}

@inproceedings{Caruana:2015:IMH:2783258.2788613,
  author = {Caruana, Rich and Lou, Yin and Gehrke, Johannes and Koch, Paul and Sturm, Marc and Elhadad, Noemie},
  title = {Intelligible Models for HealthCare: Predicting Pneumonia Risk and Hospital 30-day Readmission},
  booktitle = {Proceedings of the 21th ACM SIGKDD International Conference on Knowledge Discovery and Data Mining},
  series = {KDD '15},
  year = {2015},
  isbn = {978-1-4503-3664-2},
  location = {Sydney, NSW, Australia},
  pages = {1721--1730},
  numpages = {10},
  acmid = {2788613},
  publisher = {ACM},
  address = {New York, NY, USA},
  keywords = {additive models, classification, healthcare, intelligibility, interaction detection, logistic regression, risk prediction}
}

@article{Cortez20131,
title = "Using sensitivity analysis and visualization techniques to open black box data mining models",
journal = "Information Sciences ",
volume = "225",
number = "",
pages = "1--17",
year = "2013",
note = "",
issn = "0020-0255",
author = {Paulo Cortez and Mark J. Embrechts}
}

@incollection{frank2003,
year={2003},
isbn={978-3-540-20085-7},
booktitle={Knowledge Discovery in Databases (PKDD)},
volume={2838},
series={Lecture Notes in Computer Science},
editor={Lavrač, Nada and Gamberger, Dragan and Todorovski, Ljupčo and Blockeel, Hendrik},
title={Visualizing Class Probability Estimators},
publisher={Springer Berlin Heidelberg},
author={Frank, Eibe and Hall, Mark},
pages={168--179},
language={English}
}

@article{goldstein14,
    title = {Peeking Inside the Black Box: Visualizing Statistical
      Learning With Plots of Individual Conditional Expectation},
    author = {Alex Goldstein and Adam Kapelner and Justin Bleich and
      Emil Pitkin},
    journal = {Journal of Computational and Graphical Statistics},
    year = {2014},
    month={March}
}

@inproceedings{kim2015scalable,
  title={Scalable and interpretable data representation for high-dimensional complex data},
  author={Kim, Been and Patel, Kayur and Rostamizadeh, Afshin and Shah, Julie},
  booktitle={Association for the Advancement of Artificial Intelligence (AAAI)},
  year={2015}
}

@article{infuse,
  author={Krause, Josua and Perer, Adam and Bertini, Enrico},
  journal={{IEEE} Transactions on Visualization and Computer Graphics},
  title={{INFUSE:} Interactive Feature Selection for Predictive Modeling of High Dimensional Data},
  year={2014},
  month={Dec},
  volume={20},
  number={12},
  pages={1614--1623},
  keywords={data analysis;data visualisation;pattern classification;INFUSE system;algorithmic output;classifiers;clinical researchers;cross-validation folds;electronic medical records;feature selection algorithms;high dimensional data modeling;interactive feature selection;patient outcomes;predicted outcomes;predictive modeling;predictive modeling techniques;user interpretation;visual analytics system;Algorithm design and analysis;Data models;Data visualization;Feature extraction;Prediction algorithms;Predictive models;Predictive modeling;classification;feature selection;high-dimensional data;visual analytics},
  ISSN={1077-2626}
}

@inproceedings{Kulesza:2015:PED:2678025.2701399,
  author = {Kulesza, Todd and Burnett, Margaret and Wong, Weng-Keen and Stumpf, Simone},
  title = {Principles of Explanatory Debugging to Personalize Interactive Machine Learning},
  booktitle = {Proceedings of the 20th International Conference on Intelligent User Interfaces},
  series = {IUI '15},
  year = {2015},
  isbn = {978-1-4503-3306-1},
  location = {Atlanta, Georgia, USA},
  pages = {126--137},
  numpages = {12},
  acmid = {2701399},
  publisher = {ACM},
  address = {New York, NY, USA},
  keywords = {end user programming, interactive machine learning}
}

@inproceedings{rheingans2000visualizing,
  title={Visualizing high-dimensional predictive model quality},
  author={Rheingans, Penny and Desjardins, Marie},
  booktitle={Visualization 2000. Proceedings},
  pages={493--496},
  year={2000},
  organization={IEEE}
}

@article{ren2017squares,
  title={Squares: Supporting Interactive Performance Analysis for Multiclass Classifiers},
  author={Ren, Donghao and Amershi, Saleema and Lee, Bongshin and Suh, Jina and Williams, Jason D},
  journal={{IEEE} Transactions on Visualization and Computer Graphics},
  volume={23},
  number={1},
  pages={61--70},
  year={2017},
  publisher={IEEE}
}

@article{amershi15,
author = {Saleema Amershi and Max Chickering and Steven M. Drucker and Bongshin Lee and Patrice Simard and Jina Suh},
journal = {Proceedings of the ACM SIGCHI Conference on Human Factors in Computing Systems (CHI)},
month = {April},
publisher = {ACM},
title = {ModelTracker: Redesigning Performance Analysis Tools for Machine Learning},
year = {2015},
pages = {337--346}
}

@article{conf/ieeevast/ChooLKP10,
  author = {Choo, Jaegul and Lee, Hanseung and Kihm, Jaeyeon and Park, Haesun},
  journal = {{IEEE} Symposium on Visual Analytics Science and Technology (VAST)},
  crossref = {DBLP:conf/ieeevast/2010},
  isbn = {978-1-4244-9488-0},
  keywords = {dblp},
  pages = {27-34},
  publisher = {{IEEE} Computer Society},
  title = {iVisClassifier: An interactive visual analytics system for classification based on supervised dimension reduction.},
  year = 2010
}

@proceedings{DBLP:conf/ieeevast/2010,
  title     = {Proceedings of the {IEEE} Conference on Visual Analytics Science and
               Technology, {IEEE} {VAST} 2010, Salt Lake City, Utah, USA, 24-29 October
               2010, part of VisWeek 2010},
  publisher = {{IEEE} Computer Society},
  year      = {2010},
  isbn      = {978-1-4244-9488-0}
}

@inproceedings{Lim:2009:ADI:1620545.1620576,
 author = {Lim, Brian Y. and Dey, Anind K.},
 title = {Assessing Demand for Intelligibility in Context-aware Applications},
 booktitle = {Proceedings of the 11th International Conference on Ubiquitous Computing},
 series = {UbiComp '09},
 year = {2009},
 isbn = {978-1-60558-431-7},
 location = {Orlando, Florida, USA},
 pages = {195--204},
 numpages = {10},
 url = {http://doi.acm.org/10.1145/1620545.1620576},
 doi = {10.1145/1620545.1620576},
 acmid = {1620576},
 publisher = {ACM},
 address = {New York, NY, USA},
 keywords = {context-aware, explanations, intelligibility, satisfaction}
}

@phdthesis{Lim:2012:IUT:2518922,
  author = {Lim, Brian Y.},
  advisor = {Dey, Anind K.},
  title = {Improving Understanding and Trust with Intelligibility in Context-aware Applications},
  year = {2012},
  isbn = {978-1-267-55992-0},
  note = {AAI3524680},
  school = {Carnegie Mellon University},
  publisher = {Carnegie Mellon University},
  address = {Pittsburgh, PA, USA}
}

@inproceedings{DBLP:conf/ijcai/PatelDFKT11,
  author    = {Kayur Patel and
               Steven M. Drucker and
               James Fogarty and
               Ashish Kapoor and
               Desney S. Tan},
  title     = {Using Multiple Models to Understand Data},
  booktitle = {Proceedings of the 22nd International Joint Conference
               on Artificial Intelligence ({IJCAI})},
  pages     = {1723--1728},
  month = {July},
  year      = {2011},
  crossref  = {DBLP:conf/ijcai/2011}
}

@proceedings{DBLP:conf/ijcai/2011,
  editor    = {Toby Walsh},
  title     = {Proceedings of the 22nd International Joint Conference
               on Artificial Intelligence ({IJCAI})},
  publisher = {{IJCAI/AAAI}},
  month = {July},
  year      = {2011},
  isbn      = {978-1-57735-516-8}
}

@incollection{NIPS2014_5580,
  title = {Discovering Structure in High-Dimensional Data Through Correlation Explanation},
  author = {Ver Steeg, Greg and Galstyan, Aram},
  booktitle = {Advances in Neural Information Processing Systems 27},
  editor = {Z. Ghahramani and M. Welling and C. Cortes and N.D. Lawrence and K.Q. Weinberger},
  pages = {577--585},
  year = {2014},
  publisher = {Curran Associates, Inc.}
}

@conference{steeg2015corex_theory,
  title = {Maximally Informative Hierarchical Representations of High-Dimensional Data},
  booktitle = {AISTATS{\textquoteright}15},
  year = {2015},
  author = {Greg Ver Steeg and Aram Galstyan}
}

@article{stahnke2016, 
  author={Julian Stahnke and Marian D\"ork and Boris M\"uller and Andreas Thom},
  journal={{IEEE} Transactions on Visualization and Computer Graphics},
  title={Probing Projections: Interaction Techniques for Interpreting Arrangements and Errors of Dimensionality Reductions},
  year={2016},
  volume={22},
  number={1},
  pages={629-638},
  doi={10.1109/TVCG.2015.2467717},
  ISSN={1077-2626},
  month={Jan}
}

@article{friedman2001,
  author = "Friedman, Jerome H.",
  fjournal = "The Annals of Statistics",
  journal = "Annals of Statistics",
  month = "10",
  number = "5",
  pages = "1189--1232",
  publisher = "The Institute of Mathematical Statistics",
  title = "Greedy function approximation: A gradient boosting machine",
  volume = "29",
  year = {2001}
}

@article{Bert03,
  author = {Michael R. Berthold},
  title = {Mixed Fuzzy Rule Formation},
  journal = {International Journal of Approximate Reasoning (IJAR)},
  year = {2003},
  volume = {32},
  pages = {67--84},
  owner = {meinl},
  publisher = {Elsevier}
}

@article{ictdbid:2777,
	title = {Visualizing High-Dimensional Data Using t-SNE},
	journal = {Journal of ML Research},
	volume = {9},
	year = {2008},
	pages = {2579-2605},
	author = {Laurens van der Maaten and Geoffrey E. Hinton}
}

@article{Hall:2009:WDM:1656274.1656278,
 author = {Hall, Mark and Frank, Eibe and Holmes, Geoffrey and Pfahringer, Bernhard and Reutemann, Peter and Witten, Ian H.},
 title = {The WEKA Data Mining Software: An Update},
 journal = {SIGKDD Explorations Newsletter},
 issue_date = {June 2009},
 volume = {11},
 number = {1},
 month = nov,
 year = {2009},
 issn = {1931-0145},
 pages = {10--18},
 numpages = {9},
 doi = {10.1145/1656274.1656278},
 acmid = {1656278},
 publisher = {ACM},
 address = {New York, NY, USA}
}

@inproceedings{manning-EtAl:2014:P14-5,
  author    = {Manning, Christopher D. and  Surdeanu, Mihai  and  Bauer, John  and  Finkel, Jenny  and  Bethard, Steven J. and  McClosky, David},
  title     = {The {Stanford} {CoreNLP} Natural Language Processing Toolkit},
  booktitle = {Association for Computational Linguistics (ACL) System Demonstrations},
  year      = {2014},
  pages     = {55--60}
}

@article{breiman2001,
author = "Breiman, Leo",
fjournal = "Statistical Science",
journal = "Statistical Science",
month = "08",
number = "3",
pages = "199--231",
publisher = "The Institute of Mathematical Statistics",
title = "Statistical Modeling: The Two Cultures",
volume = "16",
year = {2001}
}

@article{park2009simple,
 title={A simple and fast algorithm for K-medoids clustering},
 author={Park, Hae-Sang and Jun, Chi-Hyuck},
 journal={Expert Systems with Applications},
 volume={36},
 number={2},
 pages={3336--3341},
 year={2009},
 publisher={Elsevier}
}

@article{drinthewild,
 title={Dimensionality Reduction in the Wild: Gaps and Guidance},
 author={Michael Sedlmair, Matt Brehmer, Stephen Ingram, Tamara Munzner},
 journal={UBC Computer Science Technical Report TR-2012-03},
 year={2012},
 month={June}
}

@article{Breiman:2001:RF:570181.570182,
 author = {Breiman, Leo},
 title = {Random Forests},
 journal = {Machine Learning},
 issue_date = {October 1 2001},
 volume = {45},
 number = {1},
 month = oct,
 year = {2001},
 issn = {0885-6125},
 pages = {5--32},
 numpages = {28},
 url = {http://dx.doi.org/10.1023/A:1010933404324},
 doi = {10.1023/A:1010933404324},
 acmid = {570182},
 publisher = {Kluwer Academic Publishers},
 address = {Hingham, MA, USA},
 keywords = {classification, ensemble, regression}
}

@article{Martens:2014:EDD:2600518.2600523,
 author = {Martens, David and Provost, Foster},
 title = {Explaining Data-driven Document Classifications},
 journal = {MIS Q.},
 issue_date = {March 2014},
 volume = {38},
 number = {1},
 month = mar,
 year = {2014},
 issn = {0276-7783},
 pages = {73--100},
 numpages = {28},
 url = {http://dl.acm.org/citation.cfm?id=2600518.2600523},
 acmid = {2600523},
 publisher = {Society for Information Management and The Management Information Systems Research Center},
 address = {Minneapolis, MN, USA},
 keywords = {comprehensibility, document classification, instance level explanation, text mining}
}

@article{DBLP:journals/corr/RibeiroSG16,
  author    = {Marco T{\'{u}}lio Ribeiro and
               Sameer Singh and
               Carlos Guestrin},
  title     = {"Why Should {I} Trust You?": Explaining the Predictions of Any Classifier},
  journal   = {CoRR},
  volume    = {abs/1602.04938},
  year      = {2016},
  url       = {http://arxiv.org/abs/1602.04938},
  timestamp = {Wed, 27 Jul 2016 16:38:54 +0200},
  biburl    = {http://dblp.uni-trier.de/rec/bib/journals/corr/RibeiroSG16},
  bibsource = {dblp computer science bibliography, http://dblp.org}
}

@article{Yu:2011:DCD:2039082.2039098,
 author = {Yu, Hsiang-Fu and Huang, Fang-Lan and Lin, Chih-Jen},
 title = {Dual Coordinate Descent Methods for Logistic Regression and Maximum Entropy Models},
 journal = {Mach. Learn.},
 issue_date = {October   2011},
 volume = {85},
 number = {1-2},
 month = oct,
 year = {2011},
 issn = {0885-6125},
 pages = {41--75},
 numpages = {35},
 url = {http://dx.doi.org/10.1007/s10994-010-5221-8},
 doi = {10.1007/s10994-010-5221-8},
 acmid = {2039098},
 publisher = {Kluwer Academic Publishers},
 address = {Hingham, MA, USA},
 keywords = {Coordinate descent optimization, Linear classification, Logistic regression, Maximum entropy},
}

@inproceedings{DBLP:conf/flairs/Zhang04,
    author = {Zhang, Harry},
    booktitle = {FLAIRS Conference},
    citeulike-article-id = {370404},
    citeulike-linkout-0 = {http://www.cs.unb.ca/profs/hzhang/publications/FLAIRS04ZhangH.pdf},
    editor = {Barr, Valerie and Markov, Zdravko},
    keywords = {bayesian, naive-bayes},
    posted-at = {2005-10-30 18:16:22},
    priority = {4},
    publisher = {AAAI Press},
    title = {{The Optimality of Naive Bayes.}},
    year = {2004}
}

@article{DBLP:journals/corr/HeZR015,
  author    = {Kaiming He and
               Xiangyu Zhang and
               Shaoqing Ren and
               Jian Sun},
  title     = {Delving Deep into Rectifiers: Surpassing Human-Level Performance on
               ImageNet Classification},
  journal   = {CoRR},
  volume    = {abs/1502.01852},
  year      = {2015},
  url       = {https://arxiv.org/abs/1502.01852},
  timestamp = {Mon, 02 Mar 2015 14:17:34 +0100},
  biburl    = {http://dblp.uni-trier.de/rec/bib/journals/corr/HeZR015},
  bibsource = {dblp computer science bibliography, http://dblp.org}
}

@article{pmid21705374,
   author="Boyle, J.  and Jessup, M.  and Crilly, J.  and Green, D.  and Lind, J.  and Wallis, M.  and Miller, P.  and Fitzgerald, G. ",
   title="{{P}redicting emergency department admissions}",
   journal="Emerg Med J",
   year="2012",
   volume="29",
   number="5",
   pages="358--365",
   month="May"
}

@article{pmid24509606,
   author="Handly, N.  and Thompson, D. A.  and Li, J.  and Chuirazzi, D. M.  and Venkat, A. ",
   title="{{E}valuation of a hospital admission prediction model adding coded chief complaint data using neural network methodology}",
   journal="Eur J Emerg Med",
   year="2015",
   volume="22",
   number="2",
   pages="87--91",
   month="Apr"
}

@article{pmid24421344,
   author="Cameron, A.  and Rodgers, K.  and Ireland, A.  and Jamdar, R.  and McKay, G. A. ",
   title="{{A} simple tool to predict admission at the time of triage}",
   journal="Emerg Med J",
   year="2015",
   volume="32",
   number="3",
   pages="174--179",
   month="Mar"
}

@article{rivelo,
  author={Tamagnini, Paolo and Krause, Josua and Dasgupta, Aritra and Bertini, Enrico},
  journal={Workshop on Human-In-the-Loop Data Analytics},
  title={Interpreting Black-Box Classifiers Using Instance-Level Visual Explanations},
  year={2017},
  month={May},
  doi={10.1145/3077257.3077260},
  isbn={978-1-4503-5029-7}
}

@article{class_signatures,
  author={Krause, Josua and Perer, Adam and Bertini, Enrico},
  journal={ICML Workshop on Human Interpretability in Machine Learning (WHI)},
  title={Using Visual Analytics to Interpret Predictive Machine Learning Models},
  year={2016},
  month={Jun},
  url={https://arxiv.org/abs/1606.05685}
}

@inproceedings{Poulin:2006:VEE:1597122.1597143,
 author = {Poulin, Brett and Eisner, Roman and Szafron, Duane and Lu, Paul and Greiner, Russ and Wishart, D. S. and Fyshe, Alona and Pearcy, Brandon and MacDonell, Cam and Anvik, John},
 title = {Visual Explanation of Evidence in Additive Classifiers},
 booktitle = {Proceedings of the 18th Conference on Innovative Applications of Artificial Intelligence - Volume 2},
 series = {IAAI'06},
 year = {2006},
 isbn = {978-1-57735-281-5},
 location = {Boston, Massachusetts},
 pages = {1822--1829},
 numpages = {8},
 url = {http://dl.acm.org/citation.cfm?id=1597122.1597143},
 acmid = {1597143},
 publisher = {AAAI Press}
}
