@article{Martens:2014:EDD:2600518.2600523,
 author = {Martens, David and Provost, Foster},
 title = {Explaining Data-driven Document Classifications},
 journal = {MIS Q.},
 issue_date = {March 2014},
 volume = {38},
 number = {1},
 month = mar,
 year = {2014},
 issn = {0276-7783},
 pages = {73--100},
 numpages = {28},
 url = {http://dl.acm.org/citation.cfm?id=2600518.2600523},
 acmid = {2600523},
 publisher = {Society for Information Management and The Management Information Systems Research Center},
 address = {Minneapolis, MN, USA},
 keywords = {comprehensibility, document classification, instance level explanation, text mining}
}

@article{DBLP:journals/corr/RibeiroSG16,
  author    = {Marco T{\'{u}}lio Ribeiro and
               Sameer Singh and
               Carlos Guestrin},
  title     = {"Why Should {I} Trust You?": Explaining the Predictions of Any Classifier},
  journal   = {CoRR},
  volume    = {abs/1602.04938},
  year      = {2016},
  url       = {http://arxiv.org/abs/1602.04938},
  timestamp = {Wed, 27 Jul 2016 16:38:54 +0200},
  biburl    = {http://dblp.uni-trier.de/rec/bib/journals/corr/RibeiroSG16},
  bibsource = {dblp computer science bibliography, http://dblp.org}
}

@inproceedings{Caruana:2015:IMH:2783258.2788613,
  author = {Caruana, Rich and Lou, Yin and Gehrke, Johannes and Koch, Paul and Sturm, Marc and Elhadad, Noemie},
  title = {Intelligible Models for HealthCare: Predicting Pneumonia Risk and Hospital 30-day Readmission},
  booktitle = {Proceedings of the 21th ACM SIGKDD International Conference on Knowledge Discovery and Data Mining},
  series = {KDD '15},
  year = {2015},
  isbn = {978-1-4503-3664-2},
  location = {Sydney, NSW, Australia},
  pages = {1721--1730},
  numpages = {10},
  acmid = {2788613},
  publisher = {ACM},
  address = {New York, NY, USA},
  keywords = {additive models, classification, healthcare, intelligibility, interaction detection, logistic regression, risk prediction}
}

@inproceedings{harmful,
  title={Explanations Considered Harmful? User Interactions with Machine Learning Systems},
  author={Simone Stumpf and Adrian Bussone and Dympna O'Sullivan},
  booktitle={Proceedings of the ACM SIGCHI Conference on Human Factors in Computing Systems (CHI)},
  year={2016},
}

@article{dasgupta2017familiarity,
  title={Familiarity Vs Trust: A Comparative Study of Domain Scientists' Trust in Visual Analytics and Conventional Analysis Methods},
  author={Dasgupta, Aritra and Lee, Joon-Yong and Wilson, Ryan and Lafrance, Robert A and Cramer, Nick and Cook, Kristin and Payne, Samuel},
  journal={{IEEE} Transactions on Visualization and Computer Graphics},
  volume={23},
  number={1},
  pages={271--280},
  year={2017},
  publisher={IEEE}
}

@inproceedings{Kulesza:2015:PED:2678025.2701399,
  author = {Kulesza, Todd and Burnett, Margaret and Wong, Weng-Keen and Stumpf, Simone},
  title = {Principles of Explanatory Debugging to Personalize Interactive Machine Learning},
  booktitle = {Proceedings of the 20th International Conference on Intelligent User Interfaces},
  series = {IUI '15},
  year = {2015},
  isbn = {978-1-4503-3306-1},
  location = {Atlanta, Georgia, USA},
  pages = {126--137},
  numpages = {12},
  acmid = {2701399},
  publisher = {ACM},
  address = {New York, NY, USA},
  keywords = {end user programming, interactive machine learning}
}

@article{explainer,
  author={Josua Krause and Aritra Dasgupta and Jordan Swartz and Yindalon Aphinyanaphongs and Enrico Bertini},
  title={A Workflow for Visual Diagnostics of Binary Classifiers using Instance-Level Explanations},
  journal={IEEE VAST},
  year={2017},
}

@article{2018arXiv180106889H,
   author = {{Hohman}, F. and {Kahng}, M. and {Pienta}, R. and {Chau}, D.~H.
	},
    title = "{Visual Analytics in Deep Learning: An Interrogative Survey for the Next Frontiers}",
  journal = {ArXiv e-prints},
archivePrefix = "arXiv",
   eprint = {1801.06889},
 primaryClass = "cs.HC",
 keywords = {Computer Science - Human-Computer Interaction, Computer Science - Artificial Intelligence, Computer Science - Learning, Statistics - Machine Learning, H.5.2, I.5.1.d, I.6.9.c, I.6.9.f, I.2.6.g},
     year = 2018,
    month = jan,
   adsurl = {http://adsabs.harvard.edu/abs/2018arXiv180106889H},
  adsnote = {Provided by the SAO/NASA Astrophysics Data System}
}

@article{2016arXiv160605685K,
   author = {{Krause}, J. and {Perer}, A. and {Bertini}, E.},
    title = "{Using Visual Analytics to Interpret Predictive Machine Learning Models}",
  journal = {ArXiv e-prints},
archivePrefix = "arXiv",
   eprint = {1606.05685},
 primaryClass = "stat.ML",
 keywords = {Statistics - Machine Learning, Computer Science - Learning},
     year = 2016,
    month = jun,
   adsurl = {http://adsabs.harvard.edu/abs/2016arXiv160605685K},
  adsnote = {Provided by the SAO/NASA Astrophysics Data System}
}

@article{2016arXiv160603490L,
   author = {{Lipton}, Z.~C.},
    title = "{The Mythos of Model Interpretability}",
  journal = {ArXiv e-prints},
archivePrefix = "arXiv",
   eprint = {1606.03490},
 primaryClass = "cs.LG",
 keywords = {Computer Science - Learning, Computer Science - Artificial Intelligence, Computer Science - Computer Vision and Pattern Recognition, Computer Science - Neural and Evolutionary Computing, Statistics - Machine Learning},
     year = 2016,
    month = jun,
   adsurl = {http://adsabs.harvard.edu/abs/2016arXiv160603490L},
  adsnote = {Provided by the SAO/NASA Astrophysics Data System}
}

@article{2018arXiv180200682N,
   author = {{Narayanan}, M. and {Chen}, E. and {He}, J. and {Kim}, B. and 
	{Gershman}, S. and {Doshi-Velez}, F.},
    title = "{How do Humans Understand Explanations from Machine Learning Systems? An Evaluation of the Human-Interpretability of Explanation}",
  journal = {ArXiv e-prints},
archivePrefix = "arXiv",
   eprint = {1802.00682},
 primaryClass = "cs.AI",
 keywords = {Computer Science - Artificial Intelligence},
     year = 2018,
    month = feb,
   adsurl = {http://adsabs.harvard.edu/abs/2018arXiv180200682N},
  adsnote = {Provided by the SAO/NASA Astrophysics Data System}
}

@article{DBLP:journals/corr/LeiBJ16,
  author    = {Tao Lei and
               Regina Barzilay and
               Tommi S. Jaakkola},
  title     = {Rationalizing Neural Predictions},
  journal   = {CoRR},
  volume    = {abs/1606.04155},
  year      = {2016},
  url       = {http://arxiv.org/abs/1606.04155},
  archivePrefix = {arXiv},
  eprint    = {1606.04155},
  timestamp = {Wed, 07 Jun 2017 14:40:39 +0200},
  biburl    = {https://dblp.org/rec/bib/journals/corr/LeiBJ16},
  bibsource = {dblp computer science bibliography, https://dblp.org}
}

@article{2017arXiv171100867K,
   author = {{Kindermans}, P.-J. and {Hooker}, S. and {Adebayo}, J. and {Alber}, M. and 
	{Sch{\"u}tt}, K.~T. and {D{\"a}hne}, S. and {Erhan}, D. and 
	{Kim}, B.},
    title = "{The (Un)reliability of saliency methods}",
  journal = {ArXiv e-prints},
archivePrefix = "arXiv",
   eprint = {1711.00867},
 primaryClass = "stat.ML",
 keywords = {Statistics - Machine Learning, Computer Science - Learning},
     year = 2017,
    month = nov,
   adsurl = {http://adsabs.harvard.edu/abs/2017arXiv171100867K},
  adsnote = {Provided by the SAO/NASA Astrophysics Data System}
}

@inproceedings{anchors:aaai18,
 author = {Marco Tulio Ribeiro and Sameer Singh and Carlos Guestrin},
 title = { Anchors: High-Precision Model-Agnostic Explanations },
 booktitle = {AAAI Conference on Artificial Intelligence (AAAI)},
 year = {2018}
}

@inproceedings{Zhou:2017:EUC:3176444.3176447,
 author = {Zhou, Jianlong and Arshad, Syed Z. and Luo, Simon and Chen, Fang},
 title = {Effects of Uncertainty and Cognitive Load on User Trust in Predictive Decision Making},
 booktitle = {16th IFIP TC 13 International Conference on Human-Computer Interaction --- INTERACT 2017 - Volume 10516},
 year = {2017},
 isbn = {978-3-319-68058-3},
 pages = {23--39},
 numpages = {17},
 url = {https://doi.org/10.1007/978-3-319-68059-0_2},
 doi = {10.1007/978-3-319-68059-0_2},
 acmid = {3176447},
 publisher = {Springer-Verlag New York, Inc.},
 address = {New York, NY, USA},
 keywords = {Cognitive load, Predictive decision making, Trust, Uncertainty},
}

@inproceedings{revolt-collaborative-crowdsourcing-labeling-machine-learning-datasets,
author = {Chang, Joseph Chee and Amershi, Saleema and Kamar, Ece},
title = {Revolt: Collaborative Crowdsourcing for Labeling Machine Learning Datasets},
booktitle = {},
year = {2017},
month = {May},
publisher = {ACM â€“ Association for Computing Machinery},
url = {https://www.microsoft.com/en-us/research/publication/revolt-collaborative-crowdsourcing-labeling-machine-learning-datasets/},
address = {},
pages = {},
journal = {},
volume = {},
chapter = {},
isbn = {},
}

@article{DBLP:journals/corr/SimardACPGMRSVW17,
  author    = {Patrice Y. Simard and
               Saleema Amershi and
               David Maxwell Chickering and
               Alicia Edelman Pelton and
               Soroush Ghorashi and
               Christopher Meek and
               Gonzalo Ramos and
               Jina Suh and
               Johan Verwey and
               Mo Wang and
               John Wernsing},
  title     = {Machine Teaching: {A} New Paradigm for Building Machine Learning Systems},
  journal   = {CoRR},
  volume    = {abs/1707.06742},
  year      = {2017},
  url       = {http://arxiv.org/abs/1707.06742},
  archivePrefix = {arXiv},
  eprint    = {1707.06742},
  timestamp = {Sat, 05 Aug 2017 14:56:11 +0200},
  biburl    = {https://dblp.org/rec/bib/journals/corr/SimardACPGMRSVW17},
  bibsource = {dblp computer science bibliography, https://dblp.org}
}

@article{6064986, 
author={J. Hullman and E. Adar and P. Shah}, 
journal={IEEE Transactions on Visualization and Computer Graphics}, 
title={Benefitting InfoVis with Visual Difficulties}, 
year={2011}, 
volume={17}, 
number={12}, 
pages={2213-2222}, 
keywords={cognition;data visualisation;psychology;InfoVis practitioners;InfoVis researchers;cognitive difficulty;cross-disciplinary research;decorative chartjunk;distracting elements;efficiency-based design theory;extraneous information;graph design;information visualization practitioners;information visualization researchers;information visualizations;nonefficient visual elements;psychology;user understanding;visual difficulty;visual displays;visual information representations;visual representation;visualization design;visualization interaction;well-cited theory;Cognition;Data visualization;Psychology;Time factors;Desirable difficulites;active processing;cognitive efficiency;engagement;individual differences.;Cognition;Comprehension;Computer Graphics;Humans;Learning;Models, Psychological;User-Computer Interface;Visual Perception}, 
doi={10.1109/TVCG.2011.175}, 
ISSN={1077-2626}, 
month={Dec}
}

@misc{wattenberg,
author={M. Wattenberg and F. Viegas and M. Hardt},
title={Attacking discrimination with smarter machine learning},
journal={Google Research Website},
year={2016},
howpublished={[Online]. Available: \url{https://research.google.com/
bigpicture/attacking-discrimination-in-ml/}}
}

@misc{facets,
author={{Google PAIR}},
title={Facets},
year={2017},
howpublished={[Online]. Available: \url{https://pair-code.github.io/facets/}}
}

@book{mlp,
title={Artificial intelligence, Connectionist learning procedures, 40.1, 185--234},
author={Hinton, Geoffrey E.},
year={1989},
}

@article{occupancy,
title={Accurate occupancy detection of an office room from light, temperature, humidity and CO2 measurements using statistical learning models},
author={Luis M. Candanedo, VÃ©ronique Feldheim},
journal={Energy and Buildings. Vol. 112, p. 28--39},
year={2016}
}

@article{housing,
title={{Ames, Iowa: Alternative to the Boston Housing Data as an
End of Semester Regression Project}},
author={Dean De Cock},
journal={Journal of Statistics Education Volume 19, Number 3},
year={2011}
}

@inproceedings{krause2016interacting,
  title={Interacting with predictions: Visual inspection of black-box machine learning models},
  author={Krause, Josua and Perer, Adam and Ng, Kenney},
  booktitle={Proceedings of the 2016 CHI Conference on Human Factors in Computing Systems},
  pages={5686--5697},
  year={2016},
  organization={ACM}
}

@inproceedings{perer2008systematic,
  title={Systematic yet flexible discovery: guiding domain experts through exploratory data analysis},
  author={Perer, Adam and Shneiderman, Ben},
  booktitle={Proceedings of the 13th international conference on Intelligent user interfaces},
  pages={109--118},
  year={2008},
  organization={ACM}
}

@article{2016arXiv161105817T,
   author = {{Tulio Ribeiro}, M. and {Singh}, S. and {Guestrin}, C.},
    title = "{Nothing Else Matters: Model-Agnostic Explanations By Identifying Prediction Invariance}",
  journal = {ArXiv e-prints},
archivePrefix = "arXiv",
   eprint = {1611.05817},
 primaryClass = "stat.ML",
 keywords = {Statistics - Machine Learning, Computer Science - Artificial Intelligence, Computer Science - Learning},
     year = 2016,
    month = nov,
   adsurl = {http://adsabs.harvard.edu/abs/2016arXiv161105817T},
  adsnote = {Provided by the SAO/NASA Astrophysics Data System}
}

